@ARTICLE{AnglesAlcazar2017,
       author = {{Angl{\'e}s-Alc{\'a}zar}, Daniel and {Faucher-Gigu{\`e}re}, Claude-
        Andr{\'e} and {Kere{\v{s}}}, Du{\v{s}}an and {Hopkins}, Philip
        F. and {Quataert}, Eliot and {Murray}, Norman},
        title = "{The cosmic baryon cycle and galaxy mass assembly in the FIRE simulations}",
      journal = {\mnras},
     keywords = {galaxies: evolution, galaxies: formation, galaxies: star formation, intergalactic medium, cosmology: theory, Astrophysics - Astrophysics of Galaxies, Astrophysics - Cosmology and Nongalactic Astrophysics},
         year = 2017,
        month = Oct,
       volume = {470},
        pages = {4698-4719},
          doi = {10.1093/mnras/stx1517},
archivePrefix = {arXiv},
       eprint = {1610.08523},
 primaryClass = {astro-ph.GA},
       adsurl = {https://ui.adsabs.harvard.edu/\#abs/2017MNRAS.470.4698A},
      adsnote = {Provided by the SAO/NASA Astrophysics Data System}
}

@BOOK{Mo2010,
       author = {{Mo}, Houjun and {van den Bosch}, Frank C. and {White}, Simon},
        title = "{Galaxy Formation and Evolution}",
    booktitle = {Galaxy Formation and Evolution, by Houjun Mo , Frank van den Bosch , Simon White, Cambridge, UK: Cambridge University Press, 2010},
         year = 2010,
       adsurl = {https://ui.adsabs.harvard.edu/\#abs/2010gfe..book.....M},
      adsnote = {Provided by the SAO/NASA Astrophysics Data System}
}

@ARTICLE{Frenk1988,
       author = {{Frenk}, Carlos S. and {White}, Simon D.~M. and {Davis}, Marc and
        {Efstathiou}, George},
        title = "{The Formation of Dark Halos in a Universe Dominated by Cold Dark Matter}",
      journal = {\apj},
     keywords = {Cosmology, Dark Matter, Galactic Evolution, Galactic Structure, Spiral Galaxies, Stellar Luminosity, Astronomical Models, Computational Astrophysics, Galactic Clusters, Morphology, Universe, Astrophysics, COSMOLOGY, DARK MATTER, GALAXIES: FORMATION, GALAXIES: INTERNAL MOTIONS, GALAXIES: STRUCTURE, NUMERICAL METHODS},
         year = 1988,
        month = Apr,
       volume = {327},
        pages = {507},
          doi = {10.1086/166213},
       adsurl = {https://ui.adsabs.harvard.edu/\#abs/1988ApJ...327..507F},
      adsnote = {Provided by the SAO/NASA Astrophysics Data System}
}

@ARTICLE{Springel2005a,
       author = {{Springel}, Volker and {White}, Simon D.~M. and {Jenkins}, Adrian and
        {Frenk}, Carlos S. and {Yoshida}, Naoki and {Gao}, Liang and
        {Navarro}, Julio and {Thacker}, Robert and {Croton}, Darren and
        {Helly}, John and {Peacock}, John A. and {Cole}, Shaun and
        {Thomas}, Peter and {Couchman}, Hugh and {Evrard}, August and
        {Colberg}, J{\"o}rg and {Pearce}, Frazer},
        title = "{Simulations of the formation, evolution and clustering of galaxies and quasars}",
      journal = {\nat},
     keywords = {Astrophysics},
         year = 2005,
        month = Jun,
       volume = {435},
        pages = {629-636},
          doi = {10.1038/nature03597},
archivePrefix = {arXiv},
       eprint = {astro-ph/0504097},
 primaryClass = {astro-ph},
       adsurl = {https://ui.adsabs.harvard.edu/\#abs/2005Natur.435..629S},
      adsnote = {Provided by the SAO/NASA Astrophysics Data System}
}

@ARTICLE{Porter2014,
       author = {{Porter}, L.~A. and {Somerville}, R.~S. and {Primack}, J.~R. and
        {Croton}, D.~J. and {Covington}, M.~D. and {Graves}, G.~J. and
        {Faber}, S.~M.},
        title = "{Modelling the ages and metallicities of early-type galaxies in Fundamental Plane space}",
      journal = {\mnras},
     keywords = {galaxies: elliptical and lenticular, cD, galaxies: evolution, galaxies: formation, galaxies: interactions, Astrophysics - Astrophysics of Galaxies},
         year = 2014,
        month = Dec,
       volume = {445},
        pages = {3092-3104},
          doi = {10.1093/mnras/stu1701},
archivePrefix = {arXiv},
       eprint = {1407.2186},
 primaryClass = {astro-ph.GA},
       adsurl = {https://ui.adsabs.harvard.edu/\#abs/2014MNRAS.445.3092P},
      adsnote = {Provided by the SAO/NASA Astrophysics Data System}
}

@ARTICLE{Henriques2015,
       author = {{Henriques}, Bruno M.~B. and {White}, Simon D.~M. and {Thomas}, Peter A.
        and {Angulo}, Raul and {Guo}, Qi and {Lemson}, Gerard and
        {Springel}, Volker and {Overzier}, Roderik},
        title = "{Galaxy formation in the Planck cosmology - I. Matching the observed evolution of star formation rates, colours and stellar masses}",
      journal = {\mnras},
     keywords = {methods: analytical, methods: statistical, galaxies: evolution, galaxies: formation, galaxies: high-redshift, Astrophysics - Astrophysics of Galaxies, Astrophysics - Cosmology and Nongalactic Astrophysics},
         year = 2015,
        month = Aug,
       volume = {451},
        pages = {2663-2680},
          doi = {10.1093/mnras/stv705},
archivePrefix = {arXiv},
       eprint = {1410.0365},
 primaryClass = {astro-ph.GA},
       adsurl = {https://ui.adsabs.harvard.edu/\#abs/2015MNRAS.451.2663H},
      adsnote = {Provided by the SAO/NASA Astrophysics Data System}
}

@ARTICLE{Lacey2016,
       author = {{Lacey}, Cedric G. and {Baugh}, Carlton M. and {Frenk}, Carlos S. and
        {Benson}, Andrew J. and {Bower}, Richard G. and {Cole}, Shaun
        and {Gonzalez-Perez}, Violeta and {Helly}, John C. and {Lagos},
        Claudia D.~P. and {Mitchell}, Peter D.},
        title = "{A unified multiwavelength model of galaxy formation}",
      journal = {\mnras},
     keywords = {galaxies: evolution, galaxies: formation, galaxies: high-redshift, Astrophysics - Astrophysics of Galaxies},
         year = 2016,
        month = Nov,
       volume = {462},
        pages = {3854-3911},
          doi = {10.1093/mnras/stw1888},
archivePrefix = {arXiv},
       eprint = {1509.08473},
 primaryClass = {astro-ph.GA},
       adsurl = {https://ui.adsabs.harvard.edu/\#abs/2016MNRAS.462.3854L},
      adsnote = {Provided by the SAO/NASA Astrophysics Data System}
}

@ARTICLE{Hernquist1989,
       author = {{Hernquist}, Lars and {Katz}, Neal},
        title = "{TREESPH: A Unification of SPH with the Hierarchical Tree Method}",
      journal = {The Astrophysical Journal Supplement Series},
     keywords = {Computational Fluid Dynamics, Computerized Simulation, Data Smoothing, Magnetohydrodynamics, Trees (Mathematics), Dynamical Systems, Many Body Problem, Monte Carlo Method, Spatial Resolution, Fluid Mechanics and Heat Transfer, HYDRODYNAMICS, NUMERICAL METHODS},
         year = 1989,
        month = Jun,
       volume = {70},
        pages = {419},
          doi = {10.1086/191344},
       adsurl = {https://ui.adsabs.harvard.edu/\#abs/1989ApJS...70..419H},
      adsnote = {Provided by the SAO/NASA Astrophysics Data System}
}

@ARTICLE{Teyssier2002,
       author = {{Teyssier}, R.},
        title = "{Cosmological hydrodynamics with adaptive mesh refinement. A new high resolution code called RAMSES}",
      journal = {\aap},
     keywords = {GRAVITATION, HYDRODYNAMICS, METHODS: NUMERICAL, COSMOLOGY: THEORY, COSMOLOGY: LARGE-SCALE STRUCTURE OF UNIVERSE, Astrophysics},
         year = 2002,
        month = Apr,
       volume = {385},
        pages = {337-364},
          doi = {10.1051/0004-6361:20011817},
archivePrefix = {arXiv},
       eprint = {astro-ph/0111367},
 primaryClass = {astro-ph},
       adsurl = {https://ui.adsabs.harvard.edu/\#abs/2002A&A...385..337T},
      adsnote = {Provided by the SAO/NASA Astrophysics Data System}
}

@ARTICLE{Springel2005b,
       author = {{Springel}, Volker},
        title = "{The cosmological simulation code GADGET-2}",
      journal = {\mnras},
     keywords = {methods: numerical, galaxies: interactions, dark matter, Astrophysics},
         year = 2005,
        month = Dec,
       volume = {364},
        pages = {1105-1134},
          doi = {10.1111/j.1365-2966.2005.09655.x},
archivePrefix = {arXiv},
       eprint = {astro-ph/0505010},
 primaryClass = {astro-ph},
       adsurl = {https://ui.adsabs.harvard.edu/\#abs/2005MNRAS.364.1105S},
      adsnote = {Provided by the SAO/NASA Astrophysics Data System}
}

@ARTICLE{Revaz2012,
       author = {{Revaz}, Y. and {Jablonka}, P.},
        title = "{The dynamical and chemical evolution of dwarf spheroidal galaxies with GEAR}",
      journal = {\aap},
     keywords = {galaxies: evolution, dark matter, galaxies: dwarf, galaxies: abundances, galaxies: formation, galaxies: star formation, Astrophysics - Cosmology and Nongalactic Astrophysics, Astrophysics - Astrophysics of Galaxies},
         year = 2012,
        month = Feb,
       volume = {538},
          eid = {A82},
        pages = {A82},
          doi = {10.1051/0004-6361/201117402},
archivePrefix = {arXiv},
       eprint = {1109.0989},
 primaryClass = {astro-ph.CO},
       adsurl = {https://ui.adsabs.harvard.edu/\#abs/2012A&A...538A..82R},
      adsnote = {Provided by the SAO/NASA Astrophysics Data System}
}

@ARTICLE{Vogelsberger2014,
       author = {{Vogelsberger}, Mark and {Genel}, Shy and {Springel}, Volker and
        {Torrey}, Paul and {Sijacki}, Debora and {Xu}, Dandan and
        {Snyder}, Greg and {Nelson}, Dylan and {Hernquist}, Lars},
        title = "{Introducing the Illustris Project: simulating the coevolution of dark and visible matter in the Universe}",
      journal = {\mnras},
     keywords = {methods: numerical, cosmology: theory, Astrophysics - Cosmology and Nongalactic Astrophysics},
         year = 2014,
        month = Oct,
       volume = {444},
        pages = {1518-1547},
          doi = {10.1093/mnras/stu1536},
archivePrefix = {arXiv},
       eprint = {1405.2921},
 primaryClass = {astro-ph.CO},
       adsurl = {https://ui.adsabs.harvard.edu/\#abs/2014MNRAS.444.1518V},
      adsnote = {Provided by the SAO/NASA Astrophysics Data System}
}

@ARTICLE{Schaye2015,
       author = {{Schaye}, Joop and {Crain}, Robert A. and {Bower}, Richard G. and
        {Furlong}, Michelle and {Schaller}, Matthieu and {Theuns}, Tom
        and {Dalla Vecchia}, Claudio and {Frenk}, Carlos S. and
        {McCarthy}, I.~G. and {Helly}, John C. and {Jenkins}, Adrian and
        {Rosas-Guevara}, Y.~M. and {White}, Simon D.~M. and {Baes},
        Maarten and {Booth}, C.~M. and {Camps}, Peter and {Navarro},
        Julio F. and {Qu}, Yan and {Rahmati}, Alireza and {Sawala}, Till
        and {Thomas}, Peter A. and {Trayford}, James},
        title = "{The EAGLE project: simulating the evolution and assembly of galaxies and their environments}",
      journal = {\mnras},
     keywords = {methods: numerical, galaxies: evolution, galaxies: formation, cosmology: theory, Astrophysics - Astrophysics of Galaxies, Astrophysics - Cosmology and Nongalactic Astrophysics},
         year = 2015,
        month = Jan,
       volume = {446},
        pages = {521-554},
          doi = {10.1093/mnras/stu2058},
archivePrefix = {arXiv},
       eprint = {1407.7040},
 primaryClass = {astro-ph.GA},
       adsurl = {https://ui.adsabs.harvard.edu/\#abs/2015MNRAS.446..521S},
      adsnote = {Provided by the SAO/NASA Astrophysics Data System}
}

@ARTICLE{Hopkins2014,
       author = {{Hopkins}, Philip F. and {Kere{\v{s}}}, Du{\v{s}}an and {O{\~n}orbe},
        Jos{\'e} and {Faucher-Gigu{\`e}re}, Claude-Andr{\'e} and
        {Quataert}, Eliot and {Murray}, Norman and {Bullock}, James S.},
        title = "{Galaxies on FIRE (Feedback In Realistic Environments): stellar feedback explains cosmologically inefficient star formation}",
      journal = {\mnras},
     keywords = {stars: formation, galaxies: active, galaxies: evolution, galaxies: formation, cosmology: theory, Astrophysics - Cosmology and Nongalactic Astrophysics, Astrophysics - Astrophysics of Galaxies},
         year = 2014,
        month = Nov,
       volume = {445},
        pages = {581-603},
          doi = {10.1093/mnras/stu1738},
archivePrefix = {arXiv},
       eprint = {1311.2073},
 primaryClass = {astro-ph.CO},
       adsurl = {https://ui.adsabs.harvard.edu/\#abs/2014MNRAS.445..581H},
      adsnote = {Provided by the SAO/NASA Astrophysics Data System}
}

@ARTICLE{BenitezLlambay2018,
       author = {{Ben{\'\i}tez-Llambay}, Alejandro and {Navarro}, Julio F. and {Frenk},
        Carlos S. and {Ludlow}, Aaron D.},
        title = "{The vertical structure of gaseous galaxy discs in cold dark matter haloes}",
      journal = {\mnras},
     keywords = {galaxies: formation, galaxies: fundamental parameters, galaxies: haloes, galaxies: structure, Astrophysics - Astrophysics of Galaxies},
         year = 2018,
        month = Jan,
       volume = {473},
        pages = {1019-1037},
          doi = {10.1093/mnras/stx2420},
archivePrefix = {arXiv},
       eprint = {1707.08046},
 primaryClass = {astro-ph.GA},
       adsurl = {https://ui.adsabs.harvard.edu/\#abs/2018MNRAS.473.1019B},
      adsnote = {Provided by the SAO/NASA Astrophysics Data System}
}

@ARTICLE{Wetzel2016,
       author = {{Wetzel}, Andrew R. and {Hopkins}, Philip F. and {Kim}, Ji-hoon and
        {Faucher-Gigu{\`e}re}, Claude-Andr{\'e} and {Kere{\v{s}}},
        Du{\v{s}}an and {Quataert}, Eliot},
        title = "{Reconciling Dwarf Galaxies with {\ensuremath{\Lambda}}CDM Cosmology: Simulating a Realistic Population of Satellites around a Milky Way-mass Galaxy}",
      journal = {\apj},
     keywords = {cosmology: theory, galaxies: dwarf, galaxies: formation, galaxies: star formation, Local Group, methods: numerical, Astrophysics - Astrophysics of Galaxies},
         year = 2016,
        month = Aug,
       volume = {827},
          eid = {L23},
        pages = {L23},
          doi = {10.3847/2041-8205/827/2/L23},
archivePrefix = {arXiv},
       eprint = {1602.05957},
 primaryClass = {astro-ph.GA},
       adsurl = {https://ui.adsabs.harvard.edu/\#abs/2016ApJ...827L..23W},
      adsnote = {Provided by the SAO/NASA Astrophysics Data System}
}

@ARTICLE{Dave2016,
       author = {{Dav{\'e}}, Romeel and {Thompson}, Robert and {Hopkins}, Philip F.},
        title = "{MUFASA: galaxy formation simulations with meshless hydrodynamics}",
      journal = {\mnras},
     keywords = {galaxies: evolution, galaxies: formation, Astrophysics - Astrophysics of Galaxies},
         year = 2016,
        month = Nov,
       volume = {462},
        pages = {3265-3284},
          doi = {10.1093/mnras/stw1862},
archivePrefix = {arXiv},
       eprint = {1604.01418},
 primaryClass = {astro-ph.GA},
       adsurl = {https://ui.adsabs.harvard.edu/\#abs/2016MNRAS.462.3265D},
      adsnote = {Provided by the SAO/NASA Astrophysics Data System}
}

@ARTICLE{Hopkins2015,
       author = {{Hopkins}, Philip F.},
        title = "{A new class of accurate, mesh-free hydrodynamic simulation methods}",
      journal = {\mnras},
     keywords = {hydrodynamics, instabilities, turbulence, methods: numerical, cosmology: theory, Astrophysics - Cosmology and Nongalactic Astrophysics, Astrophysics - Astrophysics of Galaxies, Astrophysics - Instrumentation and Methods for Astrophysics, Physics - Computational Physics, Physics - Fluid Dynamics},
         year = 2015,
        month = Jun,
       volume = {450},
        pages = {53-110},
          doi = {10.1093/mnras/stv195},
archivePrefix = {arXiv},
       eprint = {1409.7395},
 primaryClass = {astro-ph.CO},
       adsurl = {https://ui.adsabs.harvard.edu/\#abs/2015MNRAS.450...53H},
      adsnote = {Provided by the SAO/NASA Astrophysics Data System}
}

@ARTICLE{PlanckCollaboration2016,
       author = {{Planck Collaboration} and {Ade}, P.~A.~R. and {Aghanim}, N. and
        {Arnaud}, M. and {Ashdown}, M. and {Aumont}, J. and
        {Baccigalupi}, C. and {Banday}, A.~J. and {Barreiro}, R.~B. and
        {Bartlett}, J.~G. and {Bartolo}, N. and {Battaner}, E. and
        {Battye}, R. and {Benabed}, K. and {Beno{\^\i}t}, A. and
        {Benoit-L{\'e}vy}, A. and {Bernard}, J. -P. and {Bersanelli}, M.
        and {Bielewicz}, P. and {Bock}, J.~J. and {Bonaldi}, A. and
        {Bonavera}, L. and {Bond}, J.~R. and {Borrill}, J. and
        {Bouchet}, F.~R. and {Boulanger}, F. and {Bucher}, M. and
        {Burigana}, C. and {Butler}, R.~C. and {Calabrese}, E. and
        {Cardoso}, J. -F. and {Catalano}, A. and {Challinor}, A. and
        {Chamballu}, A. and {Chary}, R. -R. and {Chiang}, H.~C. and
        {Chluba}, J. and {Christensen}, P.~R. and {Church}, S. and
        {Clements}, D.~L. and {Colombi}, S. and {Colombo}, L.~P.~L. and
        {Combet}, C. and {Coulais}, A. and {Crill}, B.~P. and {Curto},
        A. and {Cuttaia}, F. and {Danese}, L. and {Davies}, R.~D. and
        {Davis}, R.~J. and {de Bernardis}, P. and {de Rosa}, A. and {de
        Zotti}, G. and {Delabrouille}, J. and {D{\'e}sert}, F. -X. and
        {Di Valentino}, E. and {Dickinson}, C. and {Diego}, J.~M. and
        {Dolag}, K. and {Dole}, H. and {Donzelli}, S. and {Dor{\'e}}, O.
        and {Douspis}, M. and {Ducout}, A. and {Dunkley}, J. and
        {Dupac}, X. and {Efstathiou}, G. and {Elsner}, F. and
        {En{\ss}lin}, T.~A. and {Eriksen}, H.~K. and {Farhang}, M. and
        {Fergusson}, J. and {Finelli}, F. and {Forni}, O. and {Frailis},
        M. and {Fraisse}, A.~A. and {Franceschi}, E. and {Frejsel}, A.
        and {Galeotta}, S. and {Galli}, S. and {Ganga}, K. and
        {Gauthier}, C. and {Gerbino}, M. and {Ghosh}, T. and {Giard}, M.
        and {Giraud-H{\'e}raud}, Y. and {Giusarma}, E. and {Gjerl{\o}w},
        E. and {Gonz{\'a}lez-Nuevo}, J. and {G{\'o}rski}, K.~M. and
        {Gratton}, S. and {Gregorio}, A. and {Gruppuso}, A. and
        {Gudmundsson}, J.~E. and {Hamann}, J. and {Hansen}, F.~K. and
        {Hanson}, D. and {Harrison}, D.~L. and {Helou}, G. and {Henrot-
        Versill{\'e}}, S. and {Hern{\'a}ndez-Monteagudo}, C. and
        {Herranz}, D. and {Hildebrandt}, S.~R. and {Hivon}, E. and
        {Hobson}, M. and {Holmes}, W.~A. and {Hornstrup}, A. and
        {Hovest}, W. and {Huang}, Z. and {Huffenberger}, K.~M. and
        {Hurier}, G. and {Jaffe}, A.~H. and {Jaffe}, T.~R. and {Jones},
        W.~C. and {Juvela}, M. and {Keih{\"a}nen}, E. and {Keskitalo},
        R. and {Kisner}, T.~S. and {Kneissl}, R. and {Knoche}, J. and
        {Knox}, L. and {Kunz}, M. and {Kurki-Suonio}, H. and {Lagache},
        G. and {L{\"a}hteenm{\"a}ki}, A. and {Lamarre}, J. -M. and
        {Lasenby}, A. and {Lattanzi}, M. and {Lawrence}, C.~R. and
        {Leahy}, J.~P. and {Leonardi}, R. and {Lesgourgues}, J. and
        {Levrier}, F. and {Lewis}, A. and {Liguori}, M. and {Lilje},
        P.~B. and {Linden-V{\o}rnle}, M. and {L{\'o}pez-Caniego}, M. and
        {Lubin}, P.~M. and {Mac{\'\i}as-P{\'e}rez}, J.~F. and {Maggio},
        G. and {Maino}, D. and {Mandolesi}, N. and {Mangilli}, A. and
        {Marchini}, A. and {Maris}, M. and {Martin}, P.~G. and
        {Martinelli}, M. and {Mart{\'\i}nez-Gonz{\'a}lez}, E. and
        {Masi}, S. and {Matarrese}, S. and {McGehee}, P. and {Meinhold},
        P.~R. and {Melchiorri}, A. and {Melin}, J. -B. and {Mendes}, L.
        and {Mennella}, A. and {Migliaccio}, M. and {Millea}, M. and
        {Mitra}, S. and {Miville-Desch{\^e}nes}, M. -A. and {Moneti}, A.
        and {Montier}, L. and {Morgante}, G. and {Mortlock}, D. and
        {Moss}, A. and {Munshi}, D. and {Murphy}, J.~A. and {Naselsky},
        P. and {Nati}, F. and {Natoli}, P. and {Netterfield}, C.~B. and
        {N{\o}rgaard-Nielsen}, H.~U. and {Noviello}, F. and {Novikov},
        D. and {Novikov}, I. and {Oxborrow}, C.~A. and {Paci}, F. and
        {Pagano}, L. and {Pajot}, F. and {Paladini}, R. and {Paoletti},
        D. and {Partridge}, B. and {Pasian}, F. and {Patanchon}, G. and
        {Pearson}, T.~J. and {Perdereau}, O. and {Perotto}, L. and
        {Perrotta}, F. and {Pettorino}, V. and {Piacentini}, F. and
        {Piat}, M. and {Pierpaoli}, E. and {Pietrobon}, D. and
        {Plaszczynski}, S. and {Pointecouteau}, E. and {Polenta}, G. and
        {Popa}, L. and {Pratt}, G.~W. and {Pr{\'e}zeau}, G. and
        {Prunet}, S. and {Puget}, J. -L. and {Rachen}, J.~P. and
        {Reach}, W.~T. and {Rebolo}, R. and {Reinecke}, M. and
        {Remazeilles}, M. and {Renault}, C. and {Renzi}, A. and
        {Ristorcelli}, I. and {Rocha}, G. and {Rosset}, C. and
        {Rossetti}, M. and {Roudier}, G. and {Rouill{\'e} d'Orfeuil}, B.
        and {Rowan-Robinson}, M. and {Rubi{\~n}o-Mart{\'\i}n}, J.~A. and
        {Rusholme}, B. and {Said}, N. and {Salvatelli}, V. and
        {Salvati}, L. and {Sandri}, M. and {Santos}, D. and
        {Savelainen}, M. and {Savini}, G. and {Scott}, D. and
        {Seiffert}, M.~D. and {Serra}, P. and {Shellard}, E.~P.~S. and
        {Spencer}, L.~D. and {Spinelli}, M. and {Stolyarov}, V. and
        {Stompor}, R. and {Sudiwala}, R. and {Sunyaev}, R. and {Sutton},
        D. and {Suur-Uski}, A. -S. and {Sygnet}, J. -F. and {Tauber},
        J.~A. and {Terenzi}, L. and {Toffolatti}, L. and {Tomasi}, M.
        and {Tristram}, M. and {Trombetti}, T. and {Tucci}, M. and
        {Tuovinen}, J. and {T{\"u}rler}, M. and {Umana}, G. and
        {Valenziano}, L. and {Valiviita}, J. and {Van Tent}, F. and
        {Vielva}, P. and {Villa}, F. and {Wade}, L.~A. and {Wandelt},
        B.~D. and {Wehus}, I.~K. and {White}, M. and {White}, S.~D.~M.
        and {Wilkinson}, A. and {Yvon}, D. and {Zacchei}, A. and
        {Zonca}, A.},
        title = "{Planck 2015 results. XIII. Cosmological parameters}",
      journal = {\aap},
     keywords = {cosmology: observations, cosmology: theory, cosmic background radiation, cosmological parameters, Astrophysics - Cosmology and Nongalactic Astrophysics},
         year = 2016,
        month = Sep,
       volume = {594},
          eid = {A13},
        pages = {A13},
          doi = {10.1051/0004-6361/201525830},
archivePrefix = {arXiv},
       eprint = {1502.01589},
 primaryClass = {astro-ph.CO},
       adsurl = {https://ui.adsabs.harvard.edu/\#abs/2016A&A...594A..13P},
      adsnote = {Provided by the SAO/NASA Astrophysics Data System}
}

@MISC{Smith2016,
       author = {{Smith}, Britton D. and {Bryan}, Greg L. and {Glover}, Simon C.~O. and
        {Goldbaum}, Nathan J. and {Turk}, Matthew J. and {Regan}, John
        and {Wise}, John H. and {Schive}, Hsi-Yu and {Abel}, Tom and
        {Emerick}, Andrew and {O'Shea}, Brian W. and {Anninos}, Peter
        and {Hummels}, Cameron B. and {Khochfar}, Sadegh},
        title = "{Grackle: Chemistry and radiative cooling library for astrophysical simulations}",
     keywords = {Software},
         year = 2016,
        month = Dec,
          eid = {ascl:1612.020},
        pages = {ascl:1612.020},
archivePrefix = {ascl},
       eprint = {1612.020},
       adsurl = {https://ui.adsabs.harvard.edu/\#abs/2016ascl.soft12020S},
      adsnote = {Provided by the SAO/NASA Astrophysics Data System}
}

@ARTICLE{Muratov2015,
       author = {{Muratov}, Alexander L. and {Kere{\v{s}}}, Du{\v{s}}an and {Faucher-
        Gigu{\`e}re}, Claude-Andr{\'e} and {Hopkins}, Philip F. and
        {Quataert}, Eliot and {Murray}, Norman},
        title = "{Gusty, gaseous flows of FIRE: galactic winds in cosmological simulations with explicit stellar feedback}",
      journal = {\mnras},
     keywords = {stars: formation, galaxies: evolution, galaxies: formation, cosmology: theory, Astrophysics - Astrophysics of Galaxies},
         year = 2015,
        month = Dec,
       volume = {454},
        pages = {2691-2713},
          doi = {10.1093/mnras/stv2126},
archivePrefix = {arXiv},
       eprint = {1501.03155},
 primaryClass = {astro-ph.GA},
       adsurl = {https://ui.adsabs.harvard.edu/\#abs/2015MNRAS.454.2691M},
      adsnote = {Provided by the SAO/NASA Astrophysics Data System}
}

@ARTICLE{AnglesAlcazar2017b,
       author = {{Angl{\'e}s-Alc{\'a}zar}, Daniel and {Dav{\'e}}, Romeel and {Faucher-
        Gigu{\`e}re}, Claude-Andr{\'e} and {{\"O}zel}, Feryal and
        {Hopkins}, Philip F.},
        title = "{Gravitational torque-driven black hole growth and feedback in cosmological simulations}",
      journal = {\mnras},
     keywords = {galaxies: active, galaxies: evolution, galaxies: formation, intergalactic medium, quasars: supermassive black holes, cosmology: theory, Astrophysics - Astrophysics of Galaxies, Astrophysics - Cosmology and Nongalactic Astrophysics, Astrophysics - High Energy Astrophysical Phenomena},
         year = 2017,
        month = Jan,
       volume = {464},
        pages = {2840-2853},
          doi = {10.1093/mnras/stw2565},
archivePrefix = {arXiv},
       eprint = {1603.08007},
 primaryClass = {astro-ph.GA},
       adsurl = {https://ui.adsabs.harvard.edu/\#abs/2017MNRAS.464.2840A},
      adsnote = {Provided by the SAO/NASA Astrophysics Data System}
}

@ARTICLE{Bondi1952,
       author = {{Bondi}, H.},
        title = "{On spherically symmetrical accretion}",
      journal = {\mnras},
         year = 1952,
        month = Jan,
       volume = {112},
        pages = {195},
          doi = {10.1093/mnras/112.2.195},
       adsurl = {https://ui.adsabs.harvard.edu/\#abs/1952MNRAS.112..195B},
      adsnote = {Provided by the SAO/NASA Astrophysics Data System}
}

@ARTICLE{Dave2019,
       author = {{Dav{\'e}}, Romeel and {Angl{\'e}s-Alc{\'a}zar}, Daniel and
         {Narayanan}, Desika and {Li}, Qi and {Rafieferantsoa}, Mika H. and
         {Appleby}, Sarah},
        title = "{Simba: Cosmological Simulations with Black Hole Growth and Feedback}",
      journal = {arXiv e-prints},
     keywords = {Astrophysics - Astrophysics of Galaxies, Astrophysics - Cosmology and Nongalactic Astrophysics},
         year = "2019",
        month = "Jan",
          eid = {arXiv:1901.10203},
        pages = {arXiv:1901.10203},
archivePrefix = {arXiv},
       eprint = {1901.10203},
 primaryClass = {astro-ph.GA},
       adsurl = {https://ui.adsabs.harvard.edu/\#abs/2019arXiv190110203D},
      adsnote = {Provided by the SAO/NASA Astrophysics Data System}
}

@ARTICLE{Sembolini2016,
       author = {{Sembolini}, Federico and {Yepes}, Gustavo and {Pearce}, Frazer R. and
         {Knebe}, Alexander and {Kay}, Scott T. and {Power}, Chris and
         {Cui}, Weiguang and {Beck}, Alexander M. and {Borgani}, Stefano and
         {Dalla Vecchia}, Claudio and {Dav{\'e}}, Romeel and
         {Elahi}, Pascal Jahan and {February}, Sean and {Huang}, Shuiyao and
         {Hobbs}, Alex and {Katz}, Neal and {Lau}, Erwin and {McCarthy}, Ian G. and
         {Murante}, Guiseppe and {Nagai}, Daisuke and {Nelson}, Kaylea and
         {Newton}, Richard D.~A. and {Perret}, Valentin and {Puchwein}, Ewald and
         {Read}, Justin I. and {Saro}, Alexandro and {Schaye}, Joop and
         {Teyssier}, Romain and {Thacker}, Robert J.},
        title = "{nIFTy galaxy cluster simulations - I. Dark matter and non-radiative models}",
      journal = {\mnras},
     keywords = {methods: numerical, galaxies: haloes, cosmology: theory, dark matter, Astrophysics - Cosmology and Nongalactic Astrophysics},
         year = "2016",
        month = "Apr",
       volume = {457},
        pages = {4063-4080},
          doi = {10.1093/mnras/stw250},
archivePrefix = {arXiv},
       eprint = {1503.06065},
 primaryClass = {astro-ph.CO},
       adsurl = {https://ui.adsabs.harvard.edu/\#abs/2016MNRAS.457.4063S},
      adsnote = {Provided by the SAO/NASA Astrophysics Data System}
}

@ARTICLE{Borrow2018,
       author = {{Borrow}, Josh and {Bower}, Richard G. and {Draper}, Peter W. and
         {Gonnet}, Pedro and {Schaller}, Matthieu},
        title = "{SWIFT: Maintaining weak-scalability with a dynamic range of \$10\^4\$ in time-step size to harness extreme adaptivity}",
      journal = "{Proceedings of the 13th SPHERIC International Workshop, Galway, Ireland, June 26-28 2018}",
     keywords = {Computer Science - Distributed, Parallel, and Cluster Computing, Astrophysics - Instrumentation and Methods for Astrophysics, Computer Science - Data Structures and Algorithms},
         year = "2018",
        month = "Jul",
          eid = {arXiv:1807.01341},
        pages = {44-51},
archivePrefix = {arXiv},
       eprint = {1807.01341},
 primaryClass = {cs.DC},
       adsurl = {https://ui.adsabs.harvard.edu/\#abs/2018arXiv180701341B},
      adsnote = {Provided by the SAO/NASA Astrophysics Data System}
}

@ARTICLE{Schaller2016,
       author = {{Schaller}, Matthieu and {Gonnet}, Pedro and {Chalk}, Aidan B.~G. and
         {Draper}, Peter W.},
        title = "{SWIFT: Using task-based parallelism, fully asynchronous communication, and graph partition-based domain decomposition for strong scaling on more than 100,000 cores}",
      journal = {Proceedings of the Platform for Advanced Scientific Computing Conference, 2016},
     keywords = {Computer Science - Distributed, Parallel, and Cluster Computing, Astrophysics - Instrumentation and Methods for Astrophysics},
         year = "2016",
        month = "Jun",
          eid = {arXiv:1606.02738},
        pages = {1-10},
        address= "Lausanne, Switzerland",
        volume= "2",
archivePrefix = {arXiv},
       eprint = {1606.02738},
 primaryClass = {cs.DC},
       adsurl = {https://ui.adsabs.harvard.edu/\#abs/2016arXiv160602738S},
      adsnote = {Provided by the SAO/NASA Astrophysics Data System}
}

@ARTICLE{Elahi2019,
       author = {{Elahi}, Pascal J. and {Ca{\~n}as}, Rodrigo and {Tobar}, Rodrigo J. and
         {Willis}, James S. and {Lagos}, Claudia del P. and {Power}, Chris and
         {Robotham}, Aaron S.~G.},
        title = "{Hunting for Galaxies and Halos in simulations with VELOCIraptor}",
      journal = {arXiv e-prints},
     keywords = {Astrophysics - Cosmology and Nongalactic Astrophysics},
         year = "2019",
        month = "Feb",
          eid = {arXiv:1902.01010},
        pages = {arXiv:1902.01010},
archivePrefix = {arXiv},
       eprint = {1902.01010},
 primaryClass = {astro-ph.CO},
       adsurl = {https://ui.adsabs.harvard.edu/\#abs/2019arXiv190201010E},
      adsnote = {Provided by the SAO/NASA Astrophysics Data System}
}

@techreport{Rossum1995,
 author = {Rossum, Guido},
 title = {Python Reference Manual},
 year = {1995},
 source = {http://www.ncstrl.org:8900/ncstrl/servlet/search?formname=detail\&id=oai%3Ancstrlh%3Aercim_cwi%3Aercim.cwi%2F%2FCS-R9525},
 publisher = {CWI (Centre for Mathematics and Computer Science)},
 address = {Amsterdam, The Netherlands, The Netherlands},
} 

@Misc{Scipy2001,
  author =    {Eric Jones and Travis Oliphant and Pearu Peterson and others},
  title =     {{SciPy}: Open source scientific tools for {Python}},
  year =      {2001--},
  url = "http://www.scipy.org/",
  note = {[Online; accessed <today>]}
}

@Misc{Numpy2006,
  author =    {Travis Oliphant},
  title =     {{NumPy}: A guide to {NumPy}},
  year =      {2006--},
  howpublished = {USA: Trelgol Publishing},
  url = "http://www.numpy.org/",
  note = {[Online; accessed <today>]}
 }

@misc{Benitez-Llambay2015,
 author       = {Alejandro Benitez-Llambay},
 title        = {py-sphviewer: Py-SPHViewer v1.0.0},
 month        = jul,
 year         = 2015,
 doi          = {10.5281/zenodo.21703},
 url          = {http://dx.doi.org/10.5281/zenodo.21703}
 }

@misc{Thompson2018,
 author       = {Robert Thompson},
 title        = {Caesar},
 month        = aug,
 year         = 2018,
 url          = {"https://bitbucket.org/rthompson/caesar/overview"}
 }

@ARTICLE{Turk2011,
   author = {{Turk}, M.~J. and {Smith}, B.~D. and {Oishi}, J.~S. and {Skory}, S. and
{Skillman}, S.~W. and {Abel}, T. and {Norman}, M.~L.},
    title = "{yt: A Multi-code Analysis Toolkit for Astrophysical Simulation Data}",
  journal = {The Astrophysical Journal Supplement Series},
archivePrefix = "arXiv",
   eprint = {1011.3514},
 primaryClass = "astro-ph.IM",
 keywords = {cosmology: theory, methods: data analysis, methods: numerical},
     year = 2011,
    month = jan,
   volume = 192,
      eid = {9},
    pages = {9},
      doi = {10.1088/0067-0049/192/1/9},
   adsurl = {http://adsabs.harvard.edu/abs/2011ApJS..192....9T},
  adsnote = {Provided by the SAO/NASA Astrophysics Data System}
}

@ARTICLE{Gill2004,
   author = {{Gill}, S.~P.~D. and {Knebe}, A. and {Gibson}, B.~K.},
    title = "{The evolution of substructure - I. A new identification method}",
  journal = {\mnras},
   eprint = {astro-ph/0404258},
 keywords = {methods: N-body simulations, methods: numerical, galaxies: formation, galaxies: haloes},
     year = 2004,
    month = jun,
   volume = 351,
    pages = {399-409},
      doi = {10.1111/j.1365-2966.2004.07786.x},
   adsurl = {http://adsabs.harvard.edu/abs/2004MNRAS.351..399G},
  adsnote = {Provided by the SAO/NASA Astrophysics Data System}
}

@ARTICLE{Knollmann2009,
   author = {{Knollmann}, S.~R. and {Knebe}, A.},
    title = "{AHF: Amiga's Halo Finder}",
  journal = {\apjs},
archivePrefix = "arXiv",
   eprint = {0904.3662},
 keywords = {methods: numerical},
     year = 2009,
    month = jun,
   volume = 182,
    pages = {608-624},
      doi = {10.1088/0067-0049/182/2/608},
   adsurl = {http://adsabs.harvard.edu/abs/2009ApJS..182..608K},
  adsnote = {Provided by the SAO/NASA Astrophysics Data System}
}

@ARTICLE{Hopkins2017,
       author = {{Hopkins}, Philip F.},
        title = "{A New Public Release of the GIZMO Code}",
      journal = {arXiv e-prints},
     keywords = {Astrophysics - Instrumentation and Methods for Astrophysics, Astrophysics - Cosmology and Nongalactic Astrophysics, Astrophysics - Earth and Planetary Astrophysics, Astrophysics - Astrophysics of Galaxies, Physics - Fluid Dynamics},
         year = "2017",
        month = "Dec",
          eid = {arXiv:1712.01294},
        pages = {arXiv:1712.01294},
archivePrefix = {arXiv},
       eprint = {1712.01294},
 primaryClass = {astro-ph.IM},
       adsurl = {https://ui.adsabs.harvard.edu/\#abs/2017arXiv171201294H},
      adsnote = {Provided by the SAO/NASA Astrophysics Data System}
}

@ARTICLE{Bryan1998,
       author = {{Bryan}, Greg L. and {Norman}, Michael L.},
        title = "{Statistical Properties of X-Ray Clusters: Analytic and Numerical Comparisons}",
      journal = {\apj},
     keywords = {GALAXIES: CLUSTERS: GENERAL, METHODS: NUMERICAL, X-RAYS: GALAXIES, Galaxies: Clusters: General, Methods: Numerical, X-Rays: Galaxies, Astrophysics},
         year = "1998",
        month = "Mar",
       volume = {495},
        pages = {80-99},
          doi = {10.1086/305262},
archivePrefix = {arXiv},
       eprint = {astro-ph/9710107},
 primaryClass = {astro-ph},
       adsurl = {https://ui.adsabs.harvard.edu/\#abs/1998ApJ...495...80B},
      adsnote = {Provided by the SAO/NASA Astrophysics Data System}
}




